<?xml version="1.0" encoding="UTF-8"?>
<collection xmlns:xsi="http://www.w3.org/2001/XMLSchema-instance" xsi:schemaLocation="http://www.loc.gov/MARC21/slim http://www.loc.gov/standards/marcxml/schema/MARC21slim.xsd" xmlns="http://www.loc.gov/MARC21/slim">
<record>
  <leader>01251cam a2200277Ma 4500</leader>
  <controlfield tag="001">3181431</controlfield>
  <controlfield tag="003">NNC</controlfield>
  <controlfield tag="005">20151117185857.0</controlfield>
  <controlfield tag="008">890331s1887    ua       d    000 0 arar </controlfield>
  <datafield tag="010" ind1=" " ind2=" ">
    <subfield code="a">ne 65001925 </subfield>
  </datafield>
  <datafield tag="035" ind1=" " ind2=" ">
    <subfield code="a">(OCoLC)ocm23499075</subfield>
  </datafield>
  <datafield tag="035" ind1=" " ind2=" ">
    <subfield code="9">AUC4448CU</subfield>
  </datafield>
  <datafield tag="035" ind1=" " ind2=" ">
    <subfield code="a">(NNC)3181431</subfield>
  </datafield>
  <datafield tag="040" ind1=" " ind2=" ">
    <subfield code="a">DLC</subfield>
    <subfield code="c">EYM</subfield>
    <subfield code="d">OCLCQ</subfield>
    <subfield code="d">ZCU</subfield>
  </datafield>
  <datafield tag="050" ind1=" " ind2="4">
    <subfield code="a">PJ6620</subfield>
    <subfield code="b">F38 1884</subfield>
  </datafield>
  <datafield tag="099" ind1=" " ind2=" ">
    <subfield code="a">893.799</subfield>
    <subfield code="a">F296</subfield>
  </datafield>
  <datafield tag="100" ind1="1" ind2=" ">
    <subfield code="a">Fayyūmī, Aḥmad ibn Muḥammad,</subfield>
    <subfield code="d">-approximately 1368.</subfield>
  </datafield>
  <datafield tag="240" ind1="1" ind2="0">
    <subfield code="a">Misbāḥ al-munīr fī gharīb al-sharḥ al-kabīr lil-Imām al-Rāfiʻī</subfield>
  </datafield>
  <datafield tag="245" ind1="1" ind2="0">
    <subfield code="a">Kitāb al-miṣbāḥ al-munīr fī gharīb al-sharḥ al-kabīr lil-Imām al-Rāfiʻī /</subfield>
    <subfield code="c">taʾlīf Aḥmad ibn Muḥammad ibn ʻAlī al-Miqran al-Fayyūmī.</subfield>
  </datafield>
  <datafield tag="260" ind1=" " ind2=" ">
    <subfield code="a">[al-Qāhirah] :</subfield>
    <subfield code="b">al-Maṭbaʻat al-Bahīyah al-Miṣrīyah,</subfield>
    <subfield code="c">1305 [1887]</subfield>
  </datafield>
  <datafield tag="300" ind1=" " ind2=" ">
    <subfield code="a">2 v. in 1.</subfield>
  </datafield>
  <datafield tag="504" ind1=" " ind2=" ">
    <subfield code="a">A dictionary based on the vocabulary used by al-Rāfiʻī in his commentary, entitled Fatḥ al-ʻazīz, on al-Ghazzālī's al-Wajīz.</subfield>
  </datafield>
  <datafield tag="650" ind1=" " ind2="0">
    <subfield code="a">Arabic language</subfield>
    <subfield code="v">Dictionaries.</subfield>
  </datafield>
  <datafield tag="700" ind1="1" ind2="2">
    <subfield code="a">Rāfiʻī, ʻAbd al-Karīm ibn Muḥammad,</subfield>
    <subfield code="d">1162-1226.</subfield>
    <subfield code="t">Fatḥ al-ʻAzīz ʻalá kitāb al-Wajīz.</subfield>
  </datafield>
  <datafield tag="700" ind1="0" ind2="2">
    <subfield code="a">Ghazzālī,</subfield>
    <subfield code="d">1058-1111.</subfield>
    <subfield code="t">Wajīz.</subfield>
  </datafield>
  <datafield tag="955" ind1=" " ind2=" ">
    <subfield code="b">CU58966110</subfield>
    <subfield code="d">off,glx</subfield>
    <subfield code="e">893.799 F296</subfield>
  </datafield>
</record>
</collection>